
@book{lopes_biologia_2010,
	title = {Biologia Volume Único},
	author = {Lopes, Sônia},
	date = {2010}
}

@book{amabis_moderna_2010,
	title = {Moderna Plus Biologia - Vol. 3},
	author = {Amabis, José Mariano and Martho, Gilberto Rodrigues},
	date = {2010}
}